@misc{ltdRaspberryPiPico,
  title = {Raspberry {{Pi Pico}} Series},
  author = {Ltd, Raspberry Pi},
  journal = {Raspberry Pi},
  abstract = {The Raspberry Pi Pico series is a range of tiny, fast, and versatile boards built using RP2040, the flagship microcontroller chip designed by Raspberry Pi in the UK},
  howpublished = {https://www.raspberrypi.com/products/raspberry-pi-pico/},
  langid = {british},
  file = {/Users/visa/Zotero/storage/C447DIRJ/raspberry-pi-pico.html}
}

@misc{ProgrammingExternalQSPI,
  title = {Programming External {{QSPI}} Flash via {{SWD}} - {{Raspberry Pi Forums}}},
  howpublished = {https://forums.raspberrypi.com/viewtopic.php?t=324260},
  file = {/Users/visa/Zotero/storage/9LS3RHFY/viewtopic.html}
}

@techreport{RaspberryPiPico,
  title = {Raspberry {{Pi Pico Datasheet}}},
  langid = {english},
  file = {/Users/visa/Zotero/storage/JVSLBP6G/Raspberry Pi Pico Datasheet.pdf}
}

@misc{RaspberrypiPicotool2023,
  title = {Raspberrypi/Picotool},
  year = {2023},
  month = jan,
  copyright = {BSD-3-Clause},
  howpublished = {Raspberry Pi}
}
